@article{beznosikov2023biased,
  title={On biased compression for distributed learning},
  author={Beznosikov, Aleksandr and Horv{\'a}th, Samuel and Richt{\'a}rik, Peter and Safaryan, Mher},
  journal={Journal of Machine Learning Research},
  volume={24},
  number={276},
  pages={1--50},
  year={2023}
}

@article{alistarh2017qsgd,
  title={QSGD: Communication-efficient SGD via gradient quantization and encoding},
  author={Alistarh, Dan and Grubic, Demjan and Li, Jerry and Tomioka, Ryota and Vojnovic, Milan},
  journal={Advances in neural information processing systems},
  volume={30},
  year={2017}
}

@inproceedings{horvoth2022natural,
  title={Natural compression for distributed deep learning},
  author={Horv{\'o}th, Samuel and Ho, Chen-Yu and Horvath, Ludovit and Sahu, Atal Narayan and Canini, Marco and Richt{\'a}rik, Peter},
  booktitle={Mathematical and Scientific Machine Learning},
  pages={129--141},
  year={2022},
  organization={PMLR}
}

@online{Gundersen2019RSVD,
  author = {Gregory Gundersen},
  title = {Randomized Singular Value Decomposition},
  year = 2019,
  url = {https://gregorygundersen.com/blog/2019/01/17/randomized-svd/},
  urldate = {2024-01-29}
}

@article{richtarik2021ef21,
  title={EF21: A new, simpler, theoretically better, and practically faster error feedback},
  author={Richt{\'a}rik, Peter and Sokolov, Igor and Fatkhullin, Ilyas},
  journal={Advances in Neural Information Processing Systems},
  volume={34},
  pages={4384--4396},
  year={2021}
}

@article{chang2011libsvm,
  title={LIBSVM: a library for support vector machines},
  author={Chang, Chih-Chung and Lin, Chih-Jen},
  journal={ACM transactions on intelligent systems and technology (TIST)},
  volume={2},
  number={3},
  pages={1--27},
  year={2011},
  publisher={Acm New York, NY, USA}
}

@article{de2000multilinear,
  title={A multilinear singular value decomposition},
  author={De Lathauwer, Lieven and De Moor, Bart and Vandewalle, Joos},
  journal={SIAM journal on Matrix Analysis and Applications},
  volume={21},
  number={4},
  pages={1253--1278},
  year={2000},
  publisher={SIAM}
}

@article{alistarh2018convergence,
  title={The convergence of sparsified gradient methods},
  author={Alistarh, Dan and Hoefler, Torsten and Johansson, Mikael and Konstantinov, Nikola and Khirirat, Sarit and Renggli, C{\'e}dric},
  journal={Advances in Neural Information Processing Systems},
  volume={31},
  year={2018}
}